%YAML 1.1
%TAG !u! tag:unity3d.com,2011:
--- !u!1 &1234905989715241823
GameObject:
  m_ObjectHideFlags: 0
  m_CorrespondingSourceObject: {fileID: 0}
  m_PrefabInstance: {fileID: 0}
  m_PrefabAsset: {fileID: 0}
  serializedVersion: 6
  m_Component:
  - component: {fileID: 7577215246157580730}
  - component: {fileID: 6264074520164081479}
  - component: {fileID: 7771152604231378190}
  - component: {fileID: 3550338585480874238}
  m_Layer: 0
  m_Name: pivotSamKing
  m_TagString: Building
  m_Icon: {fileID: 0}
  m_NavMeshLayer: 0
  m_StaticEditorFlags: 0
  m_IsActive: 1
--- !u!4 &7577215246157580730
Transform:
  m_ObjectHideFlags: 0
  m_CorrespondingSourceObject: {fileID: 0}
  m_PrefabInstance: {fileID: 0}
  m_PrefabAsset: {fileID: 0}
  m_GameObject: {fileID: 1234905989715241823}
  m_LocalRotation: {x: 0, y: 0, z: 0, w: 1}
  m_LocalPosition: {x: 0, y: 0, z: 0}
  m_LocalScale: {x: 1, y: 1, z: 1}
  m_ConstrainProportionsScale: 0
  m_Children:
  - {fileID: 5319558844539082620}
  m_Father: {fileID: 0}
  m_RootOrder: 0
  m_LocalEulerAnglesHint: {x: 0, y: 0, z: 0}
--- !u!65 &6264074520164081479
BoxCollider:
  m_ObjectHideFlags: 0
  m_CorrespondingSourceObject: {fileID: 0}
  m_PrefabInstance: {fileID: 0}
  m_PrefabAsset: {fileID: 0}
  m_GameObject: {fileID: 1234905989715241823}
  m_Material: {fileID: 0}
  m_IsTrigger: 0
  m_Enabled: 1
  serializedVersion: 2
  m_Size: {x: 6.753779, y: 1, z: 4.7505116}
  m_Center: {x: 3.4768894, y: 0.5, z: 2.4402554}
--- !u!114 &7771152604231378190
MonoBehaviour:
  m_ObjectHideFlags: 0
  m_CorrespondingSourceObject: {fileID: 0}
  m_PrefabInstance: {fileID: 0}
  m_PrefabAsset: {fileID: 0}
  m_GameObject: {fileID: 1234905989715241823}
  m_Enabled: 1
  m_EditorHideFlags: 0
  m_Script: {fileID: 11500000, guid: bf7246c78b3c5074789e81b8fdf2adc8, type: 3}
  m_Name: 
  m_EditorClassIdentifier: 
  reqWood: 51
  reqRice: 32
  reqIron: 42
  reqMoney: 42
  reqGold: 19
  reqFainth: 19
  Turn: 0
--- !u!114 &3550338585480874238
MonoBehaviour:
  m_ObjectHideFlags: 0
  m_CorrespondingSourceObject: {fileID: 0}
  m_PrefabInstance: {fileID: 0}
  m_PrefabAsset: {fileID: 0}
  m_GameObject: {fileID: 1234905989715241823}
  m_Enabled: 1
  m_EditorHideFlags: 0
  m_Script: {fileID: 11500000, guid: a655c3c314386ec4ca1e1641c3b0d018, type: 3}
  m_Name: 
  m_EditorClassIdentifier: 
  objectID: 
--- !u!1001 &5645376382330957975
PrefabInstance:
  m_ObjectHideFlags: 0
  serializedVersion: 2
  m_Modification:
    m_TransformParent: {fileID: 7577215246157580730}
    m_Modifications:
    - target: {fileID: -8679921383154817045, guid: 9d9de3afabb9bed4e962ac843fdfbcc6, type: 3}
      propertyPath: m_RootOrder
      value: 0
      objectReference: {fileID: 0}
    - target: {fileID: -8679921383154817045, guid: 9d9de3afabb9bed4e962ac843fdfbcc6, type: 3}
      propertyPath: m_LocalScale.x
      value: 12.99
      objectReference: {fileID: 0}
    - target: {fileID: -8679921383154817045, guid: 9d9de3afabb9bed4e962ac843fdfbcc6, type: 3}
      propertyPath: m_LocalScale.y
      value: 12.99
      objectReference: {fileID: 0}
    - target: {fileID: -8679921383154817045, guid: 9d9de3afabb9bed4e962ac843fdfbcc6, type: 3}
      propertyPath: m_LocalScale.z
      value: 12.99
      objectReference: {fileID: 0}
    - target: {fileID: -8679921383154817045, guid: 9d9de3afabb9bed4e962ac843fdfbcc6, type: 3}
      propertyPath: m_LocalPosition.x
      value: 1.84
      objectReference: {fileID: 0}
    - target: {fileID: -8679921383154817045, guid: 9d9de3afabb9bed4e962ac843fdfbcc6, type: 3}
      propertyPath: m_LocalPosition.y
      value: 4.61
      objectReference: {fileID: 0}
    - target: {fileID: -8679921383154817045, guid: 9d9de3afabb9bed4e962ac843fdfbcc6, type: 3}
      propertyPath: m_LocalPosition.z
      value: 2.22
      objectReference: {fileID: 0}
    - target: {fileID: -8679921383154817045, guid: 9d9de3afabb9bed4e962ac843fdfbcc6, type: 3}
      propertyPath: m_LocalRotation.w
      value: -0.37956706
      objectReference: {fileID: 0}
    - target: {fileID: -8679921383154817045, guid: 9d9de3afabb9bed4e962ac843fdfbcc6, type: 3}
      propertyPath: m_LocalRotation.x
      value: -0
      objectReference: {fileID: 0}
    - target: {fileID: -8679921383154817045, guid: 9d9de3afabb9bed4e962ac843fdfbcc6, type: 3}
      propertyPath: m_LocalRotation.y
      value: -0.9251642
      objectReference: {fileID: 0}
    - target: {fileID: -8679921383154817045, guid: 9d9de3afabb9bed4e962ac843fdfbcc6, type: 3}
      propertyPath: m_LocalRotation.z
      value: -0
      objectReference: {fileID: 0}
    - target: {fileID: -8679921383154817045, guid: 9d9de3afabb9bed4e962ac843fdfbcc6, type: 3}
      propertyPath: m_LocalEulerAnglesHint.x
      value: 0
      objectReference: {fileID: 0}
    - target: {fileID: -8679921383154817045, guid: 9d9de3afabb9bed4e962ac843fdfbcc6, type: 3}
      propertyPath: m_LocalEulerAnglesHint.y
      value: -224.614
      objectReference: {fileID: 0}
    - target: {fileID: -8679921383154817045, guid: 9d9de3afabb9bed4e962ac843fdfbcc6, type: 3}
      propertyPath: m_LocalEulerAnglesHint.z
      value: 0
      objectReference: {fileID: 0}
    - target: {fileID: -8679921383154817045, guid: 9d9de3afabb9bed4e962ac843fdfbcc6, type: 3}
      propertyPath: m_ConstrainProportionsScale
      value: 1
      objectReference: {fileID: 0}
    - target: {fileID: 919132149155446097, guid: 9d9de3afabb9bed4e962ac843fdfbcc6, type: 3}
      propertyPath: m_Name
      value: 3King
      objectReference: {fileID: 0}
    m_RemovedComponents: []
  m_SourcePrefab: {fileID: 100100000, guid: 9d9de3afabb9bed4e962ac843fdfbcc6, type: 3}
--- !u!4 &5319558844539082620 stripped
Transform:
  m_CorrespondingSourceObject: {fileID: -8679921383154817045, guid: 9d9de3afabb9bed4e962ac843fdfbcc6, type: 3}
  m_PrefabInstance: {fileID: 5645376382330957975}
  m_PrefabAsset: {fileID: 0}
